@misc{cho2014,
  title         = {Learning Phrase Representations using RNN Encoder-Decoder for Statistical Machine Translation},
  author        = {Kyunghyun Cho and Bart van Merrienboer and Caglar Gulcehre and Dzmitry Bahdanau and Fethi Bougares and Holger Schwenk and Yoshua Bengio},
  year          = {2014},
  eprint        = {1406.1078},
  archiveprefix = {arXiv},
  primaryclass  = {cs.CL},
  url           = {https://arxiv.org/abs/1406.1078}
}
@misc{bahdanau2016,
  title         = {Neural Machine Translation by Jointly Learning to Align and Translate},
  author        = {Dzmitry Bahdanau and Kyunghyun Cho and Yoshua Bengio},
  year          = {2016},
  eprint        = {1409.0473},
  archiveprefix = {arXiv},
  primaryclass  = {cs.CL},
  url           = {https://arxiv.org/abs/1409.0473}
}
@article{DBLP:journals/corr/VaswaniSPUJGKP17,
  author     = {Ashish Vaswani and
                Noam Shazeer and
                Niki Parmar and
                Jakob Uszkoreit and
                Llion Jones and
                Aidan N. Gomez and
                Lukasz Kaiser and
                Illia Polosukhin},
  title      = {Attention Is All You Need},
  journal    = {CoRR},
  volume     = {abs/1706.03762},
  year       = {2017},
  url        = {http://arxiv.org/abs/1706.03762},
  eprinttype = {arXiv},
  eprint     = {1706.03762},
  timestamp  = {Sat, 23 Jan 2021 01:20:40 +0100},
  biburl     = {https://dblp.org/rec/journals/corr/VaswaniSPUJGKP17.bib},
  bibsource  = {dblp computer science bibliography, https://dblp.org}
}
@article{DBLP:journals/corr/abs-1810-04805,
  author     = {Jacob Devlin and
                Ming{-}Wei Chang and
                Kenton Lee and
                Kristina Toutanova},
  title      = {{BERT:} Pre-training of Deep Bidirectional Transformers for Language
                Understanding},
  journal    = {CoRR},
  volume     = {abs/1810.04805},
  year       = {2018},
  url        = {http://arxiv.org/abs/1810.04805},
  eprinttype = {arXiv},
  eprint     = {1810.04805},
  timestamp  = {Tue, 30 Oct 2018 20:39:56 +0100},
  biburl     = {https://dblp.org/rec/journals/corr/abs-1810-04805.bib},
  bibsource  = {dblp computer science bibliography, https://dblp.org}
}
@misc{radford2018improving,
  title  = {Improving Language Understanding by Generative Pre-Training},
  author = {Radford, Alec and Narasimhan, Karthik and Salimans, Tim and Sutskever, Ilya},
  year   = {2018},
  note   = {Technical Report, OpenAI},
  url    = {https://www.openai.com/research/language-unsupervised}
}
