@inproceedings{NEURIPS2020_1457c0d6,
  author    = {Brown, Tom and Mann, Benjamin and Ryder, Nick and Subbiah, Melanie and Kaplan, Jared D and Dhariwal, Prafulla and Neelakantan, Arvind and Shyam, Pranav and Sastry, Girish and Askell, Amanda and Agarwal, Sandhini and Herbert-Voss, Ariel and Krueger, Gretchen and Henighan, Tom and Child, Rewon and Ramesh, Aditya and Ziegler, Daniel and Wu, Jeffrey and Winter, Clemens and Hesse, Chris and Chen, Mark and Sigler, Eric and Litwin, Mateusz and Gray, Scott and Chess, Benjamin and Clark, Jack and Berner, Christopher and McCandlish, Sam and Radford, Alec and Sutskever, Ilya and Amodei, Dario},
  booktitle = {Advances in Neural Information Processing Systems},
  editor    = {H. Larochelle and M. Ranzato and R. Hadsell and M.F. Balcan and H. Lin},
  pages     = {1877--1901},
  publisher = {Curran Associates, Inc.},
  title     = {Language Models are Few-Shot Learners},
  url       = {https://proceedings.neurips.cc/paper_files/paper/2020/file/1457c0d6bfcb4967418bfb8ac142f64a-Paper.pdf},
  volume    = {33},
  year      = {2020}
}

@article{radford2019language,
  added-at = {2024-11-15T12:44:17.000+0100},
  author   = {Radford, Alec and Wu, Jeffrey and Child, Rewon and Luan, David and Amodei, Dario and Sutskever, Ilya},
  journal  = {OpenAI},
  keywords = {gpt gpt2 languagemodelling transferlearning transformer},
  title    = {Language Models are Unsupervised Multitask Learners},
  year     = 2019
}
@article{DBLP:journals/corr/abs-1810-04805,
  author     = {Jacob Devlin and
                Ming{-}Wei Chang and
                Kenton Lee and
                Kristina Toutanova},
  title      = {{BERT:} Pre-training of Deep Bidirectional Transformers for Language
                Understanding},
  journal    = {CoRR},
  volume     = {abs/1810.04805},
  year       = {2018},
  url        = {http://arxiv.org/abs/1810.04805},
  eprinttype = {arXiv},
  eprint     = {1810.04805},
  timestamp  = {Tue, 30 Oct 2018 20:39:56 +0100},
  biburl     = {https://dblp.org/rec/journals/corr/abs-1810-04805.bib},
  bibsource  = {dblp computer science bibliography, https://dblp.org}
}
@article{DBLP:journals/corr/abs-2001-08361,
  author     = {Jared Kaplan and
                Sam McCandlish and
                Tom Henighan and
                Tom B. Brown and
                Benjamin Chess and
                Rewon Child and
                Scott Gray and
                Alec Radford and
                Jeffrey Wu and
                Dario Amodei},
  title      = {Scaling Laws for Neural Language Models},
  journal    = {CoRR},
  volume     = {abs/2001.08361},
  year       = {2020},
  url        = {https://arxiv.org/abs/2001.08361},
  eprinttype = {arXiv},
  eprint     = {2001.08361},
  timestamp  = {Wed, 03 Jun 2020 10:55:13 +0200},
  biburl     = {https://dblp.org/rec/journals/corr/abs-2001-08361.bib},
  bibsource  = {dblp computer science bibliography, https://dblp.org}
}
@article{DBLP:journals/corr/abs-1910-10683,
  author     = {Colin Raffel and
                Noam Shazeer and
                Adam Roberts and
                Katherine Lee and
                Sharan Narang and
                Michael Matena and
                Yanqi Zhou and
                Wei Li and
                Peter J. Liu},
  title      = {Exploring the Limits of Transfer Learning with a Unified Text-to-Text
                Transformer},
  journal    = {CoRR},
  volume     = {abs/1910.10683},
  year       = {2019},
  url        = {http://arxiv.org/abs/1910.10683},
  eprinttype = {arXiv},
  eprint     = {1910.10683},
  timestamp  = {Fri, 05 Feb 2021 15:43:41 +0100},
  biburl     = {https://dblp.org/rec/journals/corr/abs-1910-10683.bib},
  bibsource  = {dblp computer science bibliography, https://dblp.org}
}
@article{DBLP:journals/corr/abs-1906-08237,
  author     = {Zhilin Yang and
                Zihang Dai and
                Yiming Yang and
                Jaime G. Carbonell and
                Ruslan Salakhutdinov and
                Quoc V. Le},
  title      = {XLNet: Generalized Autoregressive Pretraining for Language Understanding},
  journal    = {CoRR},
  volume     = {abs/1906.08237},
  year       = {2019},
  url        = {http://arxiv.org/abs/1906.08237},
  eprinttype = {arXiv},
  eprint     = {1906.08237},
  timestamp  = {Mon, 24 Jun 2019 17:28:45 +0200},
  biburl     = {https://dblp.org/rec/journals/corr/abs-1906-08237.bib},
  bibsource  = {dblp computer science bibliography, https://dblp.org}
}