@inproceedings{7780459,
  author    = {He, Kaiming and Zhang, Xiangyu and Ren, Shaoqing and Sun, Jian},
  booktitle = {2016 IEEE Conference on Computer Vision and Pattern Recognition (CVPR)},
  title     = {Deep Residual Learning for Image Recognition},
  year      = {2016},
  volume    = {},
  number    = {},
  pages     = {770-778},
  keywords  = {Training;Degradation;Complexity theory;Image recognition;Neural networks;Visualization;Image segmentation},
  doi       = {10.1109/CVPR.2016.90}
}
@article{DBLP:journals/corr/abs-2005-14165,
  author     = {Tom B. Brown and
                Benjamin Mann and
                Nick Ryder and
                Melanie Subbiah and
                Jared Kaplan and
                Prafulla Dhariwal and
                Arvind Neelakantan and
                Pranav Shyam and
                Girish Sastry and
                Amanda Askell and
                Sandhini Agarwal and
                Ariel Herbert{-}Voss and
                Gretchen Krueger and
                Tom Henighan and
                Rewon Child and
                Aditya Ramesh and
                Daniel M. Ziegler and
                Jeffrey Wu and
                Clemens Winter and
                Christopher Hesse and
                Mark Chen and
                Eric Sigler and
                Mateusz Litwin and
                Scott Gray and
                Benjamin Chess and
                Jack Clark and
                Christopher Berner and
                Sam McCandlish and
                Alec Radford and
                Ilya Sutskever and
                Dario Amodei},
  title      = {Language Models are Few-Shot Learners},
  journal    = {CoRR},
  volume     = {abs/2005.14165},
  year       = {2020},
  url        = {https://arxiv.org/abs/2005.14165},
  eprinttype = {arXiv},
  eprint     = {2005.14165},
  timestamp  = {Thu, 25 May 2023 10:38:31 +0200},
  biburl     = {https://dblp.org/rec/journals/corr/abs-2005-14165.bib},
  bibsource  = {dblp computer science bibliography, https://dblp.org}
}
@article{DBLP:journals/corr/abs-1810-04805,
  author     = {Jacob Devlin and
                Ming{-}Wei Chang and
                Kenton Lee and
                Kristina Toutanova},
  title      = {{BERT:} Pre-training of Deep Bidirectional Transformers for Language
                Understanding},
  journal    = {CoRR},
  volume     = {abs/1810.04805},
  year       = {2018},
  url        = {http://arxiv.org/abs/1810.04805},
  eprinttype = {arXiv},
  eprint     = {1810.04805},
  timestamp  = {Tue, 30 Oct 2018 20:39:56 +0100},
  biburl     = {https://dblp.org/rec/journals/corr/abs-1810-04805.bib},
  bibsource  = {dblp computer science bibliography, https://dblp.org}
}