@misc{cho2014learningphraserepresentationsusing,
  title         = {Learning Phrase Representations using RNN Encoder-Decoder for Statistical Machine Translation},
  author        = {Kyunghyun Cho and Bart van Merrienboer and Caglar Gulcehre and Dzmitry Bahdanau and Fethi Bougares and Holger Schwenk and Yoshua Bengio},
  year          = {2014},
  eprint        = {1406.1078},
  archiveprefix = {arXiv},
  primaryclass  = {cs.CL},
  url           = {https://arxiv.org/abs/1406.1078}
}
@article{6795963,
  author   = {Hochreiter, Sepp and Schmidhuber, JÃ¼rgen},
  journal  = {Neural Computation},
  title    = {Long Short-Term Memory},
  year     = {1997},
  volume   = {9},
  number   = {8},
  pages    = {1735-1780},
  keywords = {},
  doi      = {10.1162/neco.1997.9.8.1735}
}
@article{gru,
  author = {Chung, Junyoung and Gulcehre, Caglar and Cho, KyungHyun and Bengio, Y.},
  year   = {2014},
  month  = {12},
  pages  = {},
  title  = {Empirical Evaluation of Gated Recurrent Neural Networks on Sequence Modeling}
}