@misc{cho2014,
  title         = {Learning Phrase Representations using RNN Encoder-Decoder for Statistical Machine Translation},
  author        = {Kyunghyun Cho and Bart van Merrienboer and Caglar Gulcehre and Dzmitry Bahdanau and Fethi Bougares and Holger Schwenk and Yoshua Bengio},
  year          = {2014},
  eprint        = {1406.1078},
  archiveprefix = {arXiv},
  primaryclass  = {cs.CL},
  url           = {https://arxiv.org/abs/1406.1078}
}
@misc{bahdanau2016,
  title         = {Neural Machine Translation by Jointly Learning to Align and Translate},
  author        = {Dzmitry Bahdanau and Kyunghyun Cho and Yoshua Bengio},
  year          = {2016},
  eprint        = {1409.0473},
  archiveprefix = {arXiv},
  primaryclass  = {cs.CL},
  url           = {https://arxiv.org/abs/1409.0473}
}
@article{DBLP:journals/corr/VaswaniSPUJGKP17,
  author     = {Ashish Vaswani and
                Noam Shazeer and
                Niki Parmar and
                Jakob Uszkoreit and
                Llion Jones and
                Aidan N. Gomez and
                Lukasz Kaiser and
                Illia Polosukhin},
  title      = {Attention Is All You Need},
  journal    = {CoRR},
  volume     = {abs/1706.03762},
  year       = {2017},
  url        = {http://arxiv.org/abs/1706.03762},
  eprinttype = {arXiv},
  eprint     = {1706.03762},
  timestamp  = {Sat, 23 Jan 2021 01:20:40 +0100},
  biburl     = {https://dblp.org/rec/journals/corr/VaswaniSPUJGKP17.bib},
  bibsource  = {dblp computer science bibliography, https://dblp.org}
}
@article{DBLP:journals/corr/abs-1810-04805,
  author     = {Jacob Devlin and
                Ming{-}Wei Chang and
                Kenton Lee and
                Kristina Toutanova},
  title      = {{BERT:} Pre-training of Deep Bidirectional Transformers for Language
                Understanding},
  journal    = {CoRR},
  volume     = {abs/1810.04805},
  year       = {2018},
  url        = {http://arxiv.org/abs/1810.04805},
  eprinttype = {arXiv},
  eprint     = {1810.04805},
  timestamp  = {Tue, 30 Oct 2018 20:39:56 +0100},
  biburl     = {https://dblp.org/rec/journals/corr/abs-1810-04805.bib},
  bibsource  = {dblp computer science bibliography, https://dblp.org}
}
@misc{radford2018improving,
  title  = {Improving Language Understanding by Generative Pre-Training},
  author = {Radford, Alec and Narasimhan, Karthik and Salimans, Tim and Sutskever, Ilya},
  year   = {2018},
  note   = {Technical Report, OpenAI},
  url    = {https://www.openai.com/research/language-unsupervised}
}
@article{DBLP:journals/corr/KalchbrennerESO16,
  author     = {Nal Kalchbrenner and
                Lasse Espeholt and
                Karen Simonyan and
                A{\"{a}}ron van den Oord and
                Alex Graves and
                Koray Kavukcuoglu},
  title      = {Neural Machine Translation in Linear Time},
  journal    = {CoRR},
  volume     = {abs/1610.10099},
  year       = {2016},
  url        = {http://arxiv.org/abs/1610.10099},
  eprinttype = {arXiv},
  eprint     = {1610.10099},
  timestamp  = {Mon, 13 Aug 2018 16:46:38 +0200},
  biburl     = {https://dblp.org/rec/journals/corr/KalchbrennerESO16.bib},
  bibsource  = {dblp computer science bibliography, https://dblp.org}
}
@inproceedings{NIPS2016_fb8feff2,
  author    = {Kaiser, \L ukasz and Bengio, Samy},
  booktitle = {Advances in Neural Information Processing Systems},
  editor    = {D. Lee and M. Sugiyama and U. Luxburg and I. Guyon and R. Garnett},
  pages     = {},
  publisher = {Curran Associates, Inc.},
  title     = {Can Active Memory Replace Attention?},
  url       = {https://proceedings.neurips.cc/paper_files/paper/2016/file/fb8feff253bb6c834deb61ec76baa893-Paper.pdf},
  volume    = {29},
  year      = {2016}
}
@article{DBLP:journals/corr/GehringAGYD17,
  author     = {Jonas Gehring and
                Michael Auli and
                David Grangier and
                Denis Yarats and
                Yann N. Dauphin},
  title      = {Convolutional Sequence to Sequence Learning},
  journal    = {CoRR},
  volume     = {abs/1705.03122},
  year       = {2017},
  url        = {http://arxiv.org/abs/1705.03122},
  eprinttype = {arXiv},
  eprint     = {1705.03122},
  timestamp  = {Mon, 13 Aug 2018 16:48:03 +0200},
  biburl     = {https://dblp.org/rec/journals/corr/GehringAGYD17.bib},
  bibsource  = {dblp computer science bibliography, https://dblp.org}
}
@inproceedings{NIPS2015_8fb21ee7,
  author    = {Sukhbaatar, Sainbayar and szlam, arthur and Weston, Jason and Fergus, Rob},
  booktitle = {Advances in Neural Information Processing Systems},
  editor    = {C. Cortes and N. Lawrence and D. Lee and M. Sugiyama and R. Garnett},
  pages     = {},
  publisher = {Curran Associates, Inc.},
  title     = {End-To-End Memory Networks},
  url       = {https://proceedings.neurips.cc/paper_files/paper/2015/file/8fb21ee7a2207526da55a679f0332de2-Paper.pdf},
  volume    = {28},
  year      = {2015}
}
@article{DBLP:journals/corr/abs-1910-10683,
  author     = {Colin Raffel and
                Noam Shazeer and
                Adam Roberts and
                Katherine Lee and
                Sharan Narang and
                Michael Matena and
                Yanqi Zhou and
                Wei Li and
                Peter J. Liu},
  title      = {Exploring the Limits of Transfer Learning with a Unified Text-to-Text
                Transformer},
  journal    = {CoRR},
  volume     = {abs/1910.10683},
  year       = {2019},
  url        = {http://arxiv.org/abs/1910.10683},
  eprinttype = {arXiv},
  eprint     = {1910.10683},
  timestamp  = {Fri, 05 Feb 2021 15:43:41 +0100},
  biburl     = {https://dblp.org/rec/journals/corr/abs-1910-10683.bib},
  bibsource  = {dblp computer science bibliography, https://dblp.org}
}