@inproceedings{NEURIPS2020_4c5bcfec,
  author    = {Ho, Jonathan and Jain, Ajay and Abbeel, Pieter},
  booktitle = {Advances in Neural Information Processing Systems},
  editor    = {H. Larochelle and M. Ranzato and R. Hadsell and M.F. Balcan and H. Lin},
  pages     = {6840--6851},
  publisher = {Curran Associates, Inc.},
  title     = {Denoising Diffusion Probabilistic Models},
  url       = {https://proceedings.neurips.cc/paper_files/paper/2020/file/4c5bcfec8584af0d967f1ab10179ca4b-Paper.pdf},
  volume    = {33},
  year      = {2020}
}
@article{DBLP:journals/corr/abs-2010-02502,
  author     = {Jiaming Song and
                Chenlin Meng and
                Stefano Ermon},
  title      = {Denoising Diffusion Implicit Models},
  journal    = {CoRR},
  volume     = {abs/2010.02502},
  year       = {2020},
  url        = {https://arxiv.org/abs/2010.02502},
  eprinttype = {arXiv},
  eprint     = {2010.02502},
  timestamp  = {Mon, 12 Oct 2020 17:53:10 +0200},
  biburl     = {https://dblp.org/rec/journals/corr/abs-2010-02502.bib},
  bibsource  = {dblp computer science bibliography, https://dblp.org}
}
@misc{liu2022pseudonumericalmethodsdiffusion,
  title         = {Pseudo Numerical Methods for Diffusion Models on Manifolds},
  author        = {Luping Liu and Yi Ren and Zhijie Lin and Zhou Zhao},
  year          = {2022},
  eprint        = {2202.09778},
  archiveprefix = {arXiv},
  primaryclass  = {cs.CV},
  url           = {https://arxiv.org/abs/2202.09778}
}
@article{DBLP:journals/corr/abs-2105-05233,
  author     = {Prafulla Dhariwal and
                Alex Nichol},
  title      = {Diffusion Models Beat GANs on Image Synthesis},
  journal    = {CoRR},
  volume     = {abs/2105.05233},
  year       = {2021},
  url        = {https://arxiv.org/abs/2105.05233},
  eprinttype = {arXiv},
  eprint     = {2105.05233},
  timestamp  = {Fri, 14 May 2021 12:13:30 +0200},
  biburl     = {https://dblp.org/rec/journals/corr/abs-2105-05233.bib},
  bibsource  = {dblp computer science bibliography, https://dblp.org}
}
@article{DBLP:journals/corr/abs-2102-09672,
  author     = {Alex Nichol and
                Prafulla Dhariwal},
  title      = {Improved Denoising Diffusion Probabilistic Models},
  journal    = {CoRR},
  volume     = {abs/2102.09672},
  year       = {2021},
  url        = {https://arxiv.org/abs/2102.09672},
  eprinttype = {arXiv},
  eprint     = {2102.09672},
  timestamp  = {Wed, 24 Feb 2021 15:42:45 +0100},
  biburl     = {https://dblp.org/rec/journals/corr/abs-2102-09672.bib},
  bibsource  = {dblp computer science bibliography, https://dblp.org}
}
@article{10112585,
  author   = {Yang, Dongchao and Yu, Jianwei and Wang, Helin and Wang, Wen and Weng, Chao and Zou, Yuexian and Yu, Dong},
  journal  = {IEEE/ACM Transactions on Audio, Speech, and Language Processing},
  title    = {Diffsound: Discrete Diffusion Model for Text-to-Sound Generation},
  year     = {2023},
  volume   = {31},
  number   = {},
  pages    = {1720-1733},
  keywords = {Spectrogram;Decoding;Vocoders;Measurement;Feature extraction;Task analysis;Transforms;Autoregressive model;diffusion model;text-to-sound generation;vocoder},
  doi      = {10.1109/TASLP.2023.3268730}
}